@article{Parnas,
 key={Parnas},
 author = {Parnas, D. L.},
 title = {On the criteria to be used in decomposing systems into modules},
 journal = {Commun. ACM},
 issue_date = {Dec. 1972},
 volume = {15},
 number = {12},
 month = dec,
 year = {1972},
 issn = {0001-0782},
 pages = {1053--1058},
 numpages = {6},
 url = {http://doi.acm.org/10.1145/361598.361623},
 doi = {10.1145/361598.361623},
 acmid = {361623},
 publisher = {ACM},
 address = {New York, NY, USA},
 keywords = {KWIC index, modularity, modules, software, software design, software engineering},
} 

@INBOOK{Lua,
 key={Lua},
  title = "Programming in Lua",
  publisher = "Lua.org",
  edition = "second",
  year = 2006,
  author = {Roberto Ierusalimschy},
}

@article{henney,
 key={henney},
 author = {Kevlin Henney},
 title = {Valued Conversions},
 journal = {C++ Report},
 month = {July-August},
 year = {2000},
}

@article{veldhuizen,
 key={veldhuizen},
 author = {Todd Veldhuizen},
 title = {Using template metaprograms},
 journal = {C++ Report},
 volume = {7},
 issue = {5},
 month = {May},
 year = {1995},
 pages = {26--3},
 url = {http://www.oonumerics.org/oon/},
}

@INBOOK{alexbook,
 key={alexbook},
  title = "Modern C++ Desing",
  publisher = "Addison-Wesley",
  year = 2001,
  author = {Andrei Alexandrescu},
}

@article{alexunions,
 key={alexunions},
 author = {Andrei Alexandrescu},
 title = {Discriminated Unions},
 journal = {C/C++ Users Journal},
 month = {April},
 year = {2002},
 url = {http://www.drdobbs.com/article/print?articleId=184403821},
}


@MISC{qt,
 key={qt},
  title = {Qt library},
  Howpublished={\url{http://doc.qt.nokia.com/4.7/}},
}


@MISC{fowler,
 key={fowler},
  author = {Martin Fowler},
  title = {Inversion of Control Containers and the Dependency Injection pattern},
  Howpublished={\url{http://martinfowler.com/articles/injection.html}},
}

@MISC{becker,
 key={becker},
  author = {Thomas Becker},
  title = {On the Tension Between Object-Oriented and Generic Programming in C++ and What Type Erasure Can Do About It},
  Howpublished={\url{http://www.artima.com/cppsource/type_erasure2.html}},
}

@MISC{preney,
 key={preney},
  author = {Paul Preney},
  title = {Applying std::tuple To Functors Efficiently},
  Howpublished={\url{http://preney.ca/paul/archives/486}},
}

@MISC{spring,
 key={spring},
  title = {The Spring Framework for Java},
  Howpublished={\url{http://www.springsource.org/spring-framework#documentation}},
}

@MISC{pococapsule,
 key={pococapsule},
  title = {PocoCapsule/C++ IoC},
  Howpublished={\url{http://www.pocomatic.com/prod-docs.html}},
}
 
@MISC{boost,
 key={boost},
  title = {boost C++ libraries},
  Howpublished={\url{http://www.boost.org/}},
}


@MISC{clang,
 key={clang},
  title = {clang C language family frontend for LLVM},
  Howpublished={\url{http://clang.llvm.org/}},
}

@MISC{cling,
 key={cling},
  title = {Cling C++ interpreter},
  Howpublished={\url{http://root.cern.ch/drupal/content/cling}},
}

@MISC{clugston,
 key={clugston},
  author = {Don Clugston},
  title = {http://www.codeproject.com/Articles/7150/Member-Function-Pointers-and-the-Fastest-Possible},
  Howpublished={\url{http://clang.llvm.org/}},
}

@phdthesis{czarnecki,
 key={czarnecki},
    author    = {Krzysztof Czarnecki},
    title     = {Generative Programming},
    school    = {Technical University of Ilmenau},
    type     = "Phd. thesis",
    year      = {1998}
}

@inproceedings{Devadithya,
 key={Devadithya},
 author = {Devadithya, Tharaka and Chiu, Kenneth and Lu, Wei},
 title = {C++ reflection for high performance problem solving environments},
 booktitle = {Proceedings of the 2007 spring simulation multiconference - Volume 2},
 series = {SpringSim '07},
 year = {2007},
 isbn = {1-56555-313-6},
 location = {Norfolk, Virginia},
 pages = {435--440},
 numpages = {6},
 url = {http://dl.acm.org/citation.cfm?id=1404680.1404749},
 acmid = {1404749},
 publisher = {Society for Computer Simulation International},
 address = {San Diego, CA, USA},
 keywords = {C++ reflection, generic programming, high performance computing, problem solving environments, scientific computing},
}

@INPROCEEDINGS{seal,

 key={seal},
	author = {S Roiser and P Mato},
	title = {The SEAL C++ Reflection System},
	booktitle = {Proceedings of CHEP’04, Interlaken, Switzerland, 24 Sep – 1 Oct 2004, CERN-2005-02, Vol 1, p. 437 International Standard; Programming Languages – C++; ISO/IEC 14882:2003(E); Second edition 2003-10-15; ISO, CH-1211 Geneva 20},
	year = {2004}
}

@MISC{ipr,
 key={ipr},
    author = {Gabriel Dos Reis and Bjarne Stroustrup},
    title = {A Principled, Complete, and Efficient Representation of C++},
    year = {}
}

@MISC{garret,
 key={garret},
  author = {Konstantin Knizhnik},
  title = {Reflection for C++},
  Howpublished={\url{http://www.garret.ru/cppreflection/docs/reflect.html}},
}

@MISC{clr,
 key={clr},
  title = {MSDN: Reflection in C++},
  Howpublished={\url{http://msdn.microsoft.com/en-us/library/y0114hz2(v=vs.80).aspx}},
}

@MISC{hiphop,
 key={hiphop},
  title = {HipHop},
  Howpublished={\url{http://www.facebook.com/notes/facebook-engineering/hiphop-for-php-more-optimizations-for-efficient-servers/10150121348198920}},
}

@MISC{google,
 key={google},
  author = {Chandler Carruth},
  title = {Here be dragons},
  Howpublished={\url{http://blog.llvm.org/2011/05/c-at-google-here-be-dragons.html#more}},
}


@MISC{hamilton,
 key={hamilton},
  author = {James Hamilton},
  title = {Overall Data Center Costs},
  Howpublished={\url{http://perspectives.mvdirona.com/2010/09/18/OverallDataCenterCosts.aspx}},
}

@article{cpureserve,
 key={cpureserve},
 author = {dos Reis, Val{\'e}ria Quadros and Cerqueira, Renato},
 title = {Controlling processing usage at user level: a way to make resource sharing more flexible},
 journal = {Concurr. Comput. : Pract. Exper.},
 issue_date = {March 2010},
 volume = {22},
 number = {3},
 month = mar,
 year = {2010},
 issn = {1532-0626},
 pages = {278--294},
 numpages = {17},
 url = {http://dx.doi.org/10.1002/cpe.v22:3},
 doi = {10.1002/cpe.v22:3},
 acmid = {1752887},
 publisher = {John Wiley and Sons Ltd.},
 address = {Chichester, UK},
 keywords = {performance isolation, process priority, resource sharing, user-level process scheduling},
}

@article{Maes,
 key={Maes},
 author = {Maes, Pattie},
 title = {Concepts and experiments in computational reflection},
 journal = {SIGPLAN Not.},
 issue_date = {Dec. 1987},
 volume = {22},
 number = {12},
 month = dec,
 year = {1987},
 issn = {0362-1340},
 pages = {147--155},
 numpages = {9},
 url = {http://doi.acm.org/10.1145/38807.38821},
 doi = {10.1145/38807.38821},
 acmid = {38821},
 publisher = {ACM},
 address = {New York, NY, USA},
}


@article{Chiba95,
 key={Chiba95},
 author = {Chiba, Shigeru},
 title = {A metaobject protocol for C++},
 journal = {SIGPLAN Not.},
 issue_date = {Oct. 17, 1995},
 volume = {30},
 number = {10},
 month = oct,
 year = {1995},
 issn = {0362-1340},
 pages = {285--299},
 numpages = {15},
 url = {http://doi.acm.org/10.1145/217839.217868},
 doi = {10.1145/217839.217868},
 acmid = {217868},
 publisher = {ACM},
 address = {New York, NY, USA},
} 

@inproceedings{Chiba2000,
 key={Chiba2000},
 author = {Chiba, Shigeru},
 title = {Load-Time Structural Reflection in Java},
 booktitle = {Proceedings of the 14th European Conference on Object-Oriented Programming},
 series = {ECOOP '00},
 year = {2000},
 isbn = {3-540-67660-0},
 pages = {313--336},
 numpages = {24},
 url = {http://dl.acm.org/citation.cfm?id=646157.679856},
 acmid = {679856},
 publisher = {Springer-Verlag},
 address = {London, UK, UK},
} 



@MISC{RichPointers,
	key={RichPointers},
    author = {Berris, Dean M. and Austern, Matt and Crowl, Lawrence},
    title = {N3340 Rich Pointers},
    year = {2012},
    Howpublished={\url{http://www.open-std.org/jtc1/sc22/wg21/docs/papers/2012/n3340.pdf}},
}

@MISC{Clark97,
	key={Clark97},
    author = {A.N. Clark},
    title = {Metaclasses and Reflection in Smalltalk},
    year = {1997}
}

@phdthesis{Smith,
  key={Smith},
  author       = {Smith, Brian Cantwell}, 
  title        = {Procedural Reflection in Programming Languages},
  school       = {Massachussetts Institute of Technology},
  year         = 1982,
  month        = 2,
}

@book{Kiczales,
 key={Kiczales},
 author = {Kiczales, Gregor and Rivieres, Jim Des},
 title = {The  Art of the Metaobject Protocol},
 year = {1991},
 isbn = {0262111586},
 publisher = {MIT Press},
 address = {Cambridge, MA, USA},
} 

@article{Lee,
 key={Lee},
 author = {Lee, Arthur H. and Zachary, Joseph L.},
 title = {Reflections on Metaprogramming},
 journal = {IEEE Trans. Softw. Eng.},
 issue_date = {November 1995},
 volume = {21},
 number = {11},
 month = nov,
 year = {1995},
 issn = {0098-5589},
 pages = {883--893},
 numpages = {11},
 url = {http://dx.doi.org/10.1109/32.473217},
 doi = {10.1109/32.473217},
 acmid = {631196},
 publisher = {IEEE Press},
 address = {Piscataway, NJ, USA},
 keywords = {CLOS, metaobject protocol, object-oriented programming languages, object persistence, open implementation.},
} 

@book{Hofstadter,
 key={Hofstadter},
 author = {Hofstadter, Douglas R.},
 title = {Godel, Escher, Bach: An Eternal Golden Braid},
 year = {1979},
 isbn = {0465026850},
 publisher = {Basic Books, Inc.},
 address = {New York, NY, USA},
}

@article{Chochlik,
 key={Chochlik},
 author = {Chochlik, Matus},
 title = {Portable reflection for C++ with Mirror},
 journal = {Journal of Information and Organizational Sciences},
 volume = {36},
 number = {1},
 year = {2012},
 issn = {1846-9418 },
 numpages = {14},
} 
